% ||================================================================================================
% || Data Warehouse
% ||================================================================================================
@INPROCEEDINGS{dw,
  author={Rifaie, Mohammad and Kianmehr, Keivan and Alhajj, Reda and Ridley, Mick J.},
  booktitle={2008 IEEE International Conference on Information Reuse and Integration}, 
  title={Data warehouse architecture and design}, 
  year={2008},
  pages={58-63}
 }
  
% ||================================================================================================
% || Data Lake
% ||================================================================================================
@article{dixon2010pentaho,
  title={Pentaho, Hadoop, and data lakes},
  author={Dixon, James},
  journal={blog, Oct},
  year={2010}
}

@article{sawadogo2021data,
  title={On data lake architectures and metadata management},
  author={Sawadogo, Pegdwend{\'e} and Darmont, J{\'e}r{\^o}me},
  journal={Journal of Intelligent Information Systems},
  pages={97--120},
  year={2021},
  publisher={Springer}
}

@inproceedings{datalake_01,
    author    = {Fang, Huang},
    booktitle = {2015 IEEE International Conference on Cyber Technology in Automation, Control, and Intelligent Systems (CYBER)},
    title     = {Managing data lakes in big data era: What's a data lake and why has it became popular in data management ecosystem},
    year      = {2015},
    pages     = {820-824}
}

@book{inmon2016data,
  title={Data Lake Architecture: Designing the Data Lake and avoiding the garbage dump},
  author={Inmon, Bill},
  year={2016},
  publisher={Technics publications}
}

@inproceedings{dl-zones,
  title={Leveraging the data lake: current state and challenges},
  author={Giebler, Corinna and Gr{\"o}ger, Christoph and Hoos, Eva and Schwarz, Holger and Mitschang, Bernhard},
  booktitle={International Conference on Big Data Analytics and Knowledge Discovery},
  pages={179--188},
  year={2019},
  organization={Springer}
}

@inproceedings{datalake_03,
    title     = {On warehouses, lakes, and spaces: the changing role of conceptual modeling for data integration},
    author    = {Jarke, Matthias and Quix, Christoph},
    booktitle = {Conceptual Modeling Perspectives},
    pages     = {231-245},
    year      = {2017},
    publisher = {Springer}
}

@article{datalake_02,
    author  = {Rihan Hai and Christoph Quix and Matthias Jarke},
    title   = {Data lake concept and systems: a survey},
    journal = {CoRR},
    year    = {2021}
}

@inproceedings{coredb,
    author = {Beheshti, Amin and Benatallah, Boualem and Nouri, Reza and Chhieng, Van Munin and Xiong, HuangTao and Zhao, Xu},
    title = {CoreDB: A Data Lake Service},
    year = {2017},
    publisher = {Association for Computing Machinery},
    booktitle = {Proceedings of the 2017 ACM on Conference on Information and Knowledge Management},
    pages = {2451–2454},
}

@ARTICLE{lambda-arch,
  author={Munshi, Amr A. and Mohamed, Yasser Abdel-Rady I.},
  journal={IEEE Access}, 
  title={Data Lake Lambda Architecture for Smart Grids Big Data Analytics}, 
  year={2018},
  pages={40463-40471},
}

% ||================================================================================================
% || Prototyp
% ||================================================================================================
@misc{prototyp,
    author = {Alexander Martin and Marcel Thiel and Robin Kuller},
    title = {Interner Bericht - Development of a Data Lake System},
    institution = {Hochschule Niederrhein, Fachbereich 03 Elektrotechnik und Informatik},
    year = {2021},
}

% ||================================================================================================
% || CDC
% ||================================================================================================
@article{boeing,
    author    = {Ram, P. and Do, L.},
    booktitle = {Proceedings of 16th International Conference on Data Engineering (Cat. No.00CB37073)},
    title     = {Extracting delta for incremental data warehouse maintenance},
    year      = {2000},
    pages     = {220-229}
}

@article{delta-view_gen,
    author    = {Mekterović, Igor and Brkić, Ljiljana},
    booktitle = {2015 38th International Convention on Information and Communication Technology, Electronics and Microelectronics (MIPRO)},
    title     = {Delta view generation for incremental loading of large dimensions in a data warehouse},
    year      = {2015},
    pages     = {1417-1422}
}

@article{cdc_in_nosql,
    author    = {Schmidt, Felipe Mathias and Geyer, Claudio and Schaeffer-Filho, Alberto and DeBloch, Stefan and Hu, Yong},
    booktitle = {2015 IEEE Symposium on Computers and Communication (ISCC)},
    title     = {Change data capture in NoSQL databases: A functional and performance comparison},
    year      = {2015},
    pages     = {562-567}
}



@techreport{snapshot_algos,
    number      = {1996-42},
    type        = {Technical Report},
    title       = {Efficient Snapshot Differential Algorithms in Data Warehousing},
    author      = {W. Labio and H. Garcia-Molina},
    publisher   = {Stanford InfoLab},
    year        = {1996},
    institution = {Stanford InfoLab},
    url         = {http://ilpubs.stanford.edu:8090/170/},
}

@article{joins,
    author  = {Priti Mishra and Margaret H. Eich},
    title   = {Join Processing in Relational Databases},
    journal = {ACM Computing Surveys},
    year    = {1992},
    volume  = {24},
    pages   = {63--113}
}

% ||================================================================================================
% || Spark
% ||================================================================================================
@online{spark-website,
    author  = {{Apache Spark}},
    title   = {Spark Overview},
    year    = {2021},
    url     = {https://spark.apache.org/docs/latest},
    urldate = {2021-09-04}
}

@article{spark,
  title={Apache spark: a unified engine for big data processing},
  author={Zaharia, Matei and Xin, Reynold S and Wendell, Patrick and Das, Tathagata and Armbrust, Michael and Dave, Ankur and Meng, Xiangrui and Rosen, Josh and Venkataraman, Shivaram and Franklin, Michael J and others},
  journal={Communications of the ACM},
  pages={56--65},
  year={2016},
  publisher={ACM New York, NY, USA}
}

% ||================================================================================================
% || HDFS & Parquet
% ||================================================================================================
@article{mapred,
  title={Google’s MapReduce programming model—Revisited},
  author={L{\"a}mmel, Ralf},
  journal={Science of computer programming},
  pages={1--30},
  year={2008},
  publisher={Elsevier}
}

@inproceedings{yarn,
  title={Apache hadoop yarn: Yet another resource negotiator},
  author={Vavilapalli, Vinod Kumar and Murthy, Arun C and Douglas, Chris and Agarwal, Sharad and Konar, Mahadev and Evans, Robert and Graves, Thomas and Lowe, Jason and Shah, Hitesh and Seth, Siddharth and others},
  booktitle={Proceedings of the 4th annual Symposium on Cloud Computing},
  pages={1--16},
  year={2013}
}

@online{parquet,
    author  = {{Apache Parquet}},
    title   = {Apache Parquet},
    year    = {2021},
    url     = {https://parquet.apache.org/},
    urldate = {2021-11-14}
}

@article{hdfs,
    title   = {HDFS architecture},
    author  = {Borthakur, Dhruba},
    journal = {Document on Hadoop Wiki. URL http://hadoop.apache.org/common/docs/r0},
    volume  = {20},
    year    = {2010}
}

% ||================================================================================================
% || Ingestion
% ||================================================================================================
@article{ingestion_01,
    author  = {Yan Zhao and Imen Megdiche and Franck Ravat},
    title   = {Data Lake Ingestion Management},
    journal = {CoRR},
    year    = {2021}
}

@inproceedings{ingestion_02,
    author    = {Rooney, Sean and Bauer, Daniel and Garcés-Erice, Luis and Urbanetz, Peter and Froese, Florian and Tomic, Sasa},
    booktitle = {2019 IEEE 5th International Conference on Collaboration and Internet Computing (CIC)},
    title     = {Experiences with Managing Data Ingestion into a Corporate Datalake},
    year      = {2019},
    pages     = {101-109}
}

% ||================================================================================================
% || Kafka
% ||================================================================================================
@online{kafka-docs,
    author  = {{Apache Kafka}},
    title   = {Kafka Documentaion},
    year    = {2021},
    url     = {https://kafka.apache.org/documentation/},
    urldate = {2021-09-28}
}

@book{kafka-book,
    title     = {Apache kafka},
    author    = {Garg, Nishant},
    year      = {2013},
    publisher = {Packt Publishing Birmingham}
}
% ||================================================================================================
% || Benchmarks
% ||================================================================================================
@inproceedings{bigdatabench,
  title={Bigdatabench: A big data benchmark suite from internet services},
  author={Wang, Lei and Zhan, Jianfeng and Luo, Chunjie and Zhu, Yuqing and Yang, Qiang and He, Yongqiang and Gao, Wanling and Jia, Zhen and Shi, Yingjie and Zhang, Shujie and others},
  booktitle={2014 IEEE 20th international symposium on high performance computer architecture (HPCA)},
  pages={488--499},
  year={2014},
  organization={IEEE}
}

% ||================================================================================================
% || Unsortiert
% ||================================================================================================
@misc{rethink_data_2020,
    author      = {{SEAGATE TECHNOLOGY}},
    title       = {Rethink Data Report 2020},
    year        = 2020,
    url         = {https://www.seagate.com/files/www-content/our-story/rethink-data/files/rethink-data-report-2020-de-de.pdf},
    urldate = {2021-07-06},
    file        = {d5ce837d-c9f8-4ee9-b433-9652e671d156:C\:\\Users\\acces\\AppData\\Local\\Swiss Academic Software\\Citavi 6\\ProjectCache\\plx3rw6gm2dpk7l0i6n4v49dfckptadhed8zzybg8651kyj1\\Remote Attachments\\d5ce837d-c9f8-4ee9-b433-9652e671d156.pdf:pdf}
}

@inproceedings{message-broker,
    author    = {Apukhtin, Vladyslav and Shirokopetleva, Mariya and Skovorodnikova, Victoria},
    booktitle = {2019 IEEE International Scientific-Practical Conference Problems of Infocommunications, Science and Technology (PIC S T)},
    title     = {The Relevance of Using Message Brokers in Robust Enterprise Applications},
    year      = {2019},
    pages     = {305-309}
}

@online{pyspark-int,
    author  = {{Apache Spark}},
    title   = {Spark Quick Start},
    year    = {2021},
    url     = {https://spark.apache.org/docs/3.2.0/quick-start.html},
    urldate = {2021-10-27}
}

@inproceedings{microservices,
    title        = {The comparison of microservice and monolithic architecture},
    author       = {Gos, Konrad and Zabierowski, Wojciech},
    booktitle    = {2020 IEEE XVIth International Conference on the Perspective Technologies and Methods in MEMS Design (MEMSTECH)},
    pages        = {150--153},
    year         = {2020},
    organization = {IEEE}
}

@article{deltalake,
    title     = {Delta lake: high-performance ACID table storage over cloud object stores},
    author    = {Armbrust, Michael and Das, Tathagata and Sun, Liwen and Yavuz, Burak and Zhu, Shixiong and Murthy, Mukul and Torres, Joseph and van Hovell, Herman and Ionescu, Adrian and {\L}uszczak, Alicja and others},
    journal   = {Proceedings of the VLDB Endowment},
    pages     = {3411--3424},
    year      = {2020},
    publisher = {VLDB Endowment}
}